<record><leader>00000cas a22000007a 4500</leader><controlfield tag="001">14159471</controlfield><controlfield tag="008">860828d19011904txuwr ne      0    0eng d</controlfield><datafield ind1=" " ind2=" " tag="010"><subfield code="a">sn 86088765 </subfield></datafield><datafield ind1=" " ind2=" " tag="040"><subfield code="a">PPM</subfield><subfield code="b">eng</subfield><subfield code="c">PPM</subfield><subfield code="d">OCLCQ</subfield></datafield><datafield ind1=" " ind2=" " tag="042"><subfield code="a">msc</subfield></datafield><datafield ind1="0" ind2="4" tag="245"><subfield code="a">The Brand.</subfield></datafield><datafield ind1=" " ind2=" " tag="260"><subfield code="a">Hereford, Tex. :</subfield><subfield code="b">F.L. Vanderburgh</subfield></datafield><datafield ind1=" " ind2=" " tag="300"><subfield code="a">v. :</subfield><subfield code="b">ill.</subfield></datafield><datafield ind1=" " ind2=" " tag="310"><subfield code="a">Weekly</subfield></datafield><datafield ind1="1" ind2=" " tag="362"><subfield code="a">Began in 1901?</subfield></datafield><datafield ind1="0" ind2=" " tag="362"><subfield code="a">-v. 3, no. 47 (Jan. 8, 1904).</subfield></datafield><datafield ind1=" " ind2=" " tag="588"><subfield code="a">Description based on: Vol. 2, no. 5 (Mar. 21, 1902).</subfield></datafield><datafield ind1=" " ind2=" " tag="752"><subfield code="a">United States</subfield><subfield code="b">Texas</subfield><subfield code="c">Deaf Smith</subfield><subfield code="d">Hereford.</subfield></datafield><datafield ind1="0" ind2="5" tag="780"><subfield code="t">Hereford reporter</subfield></datafield><datafield ind1="0" ind2="0" tag="785"><subfield code="t">Hereford brand</subfield></datafield></record>